@misc{devgpt,
  author = {Xiao, Tao and Treude, Christoph and Hata, Hideaki and Matsumoto, Kenichi},
  title = {DevGPT: Studying Developer-ChatGPT Conversations},
  month  = Nov,
  year = 2023,
  publisher = {Zenodo},
  doi = {10.5281/zenodo.10086809},
  url = {https://doi.org/10.5281/zenodo.10086809}
}

@misc{pywsd14,
author =   {Liling Tan},
title =    {Pywsd: Python Implementations of Word Sense Disambiguation (WSD) Technologies [software]},
howpublished = {https://github.com/alvations/pywsd},
year = {2014}
}

@misc{wordcloud,
  doi = {10.5281/ZENODO.10321882},
  url = {https://zenodo.org/doi/10.5281/zenodo.10321882},
  author = {Mueller,  Andreas C},
  title = {Wordcloud},
  publisher = {Zenodo},
  year = {2023},
  copyright = {Creative Commons Attribution 4.0 International}
}

@book{nltk,
  title={Natural language processing with Python: analyzing text with the natural language toolkit},
  author={Bird, Steven and Klein, Ewan and Loper, Edward},
  year={2009},
  publisher={" O'Reilly Media, Inc."}
}

@article{topic-model,
 title={topicmodels: An R Package for Fitting Topic Models},
 volume={40},
 url={https://www.jstatsoft.org/index.php/jss/article/view/v040i13},
 doi={10.18637/jss.v040.i13},
 number={13},
 journal={Journal of Statistical Software},
 author={Grün, Bettina and Hornik, Kurt},
 year={2011},
 pages={1–30}
}

@misc{scikitlearnLatentDirichletAllocation,
	author = {},
	title = {{L}atent{D}irichlet{A}llocation --- scikit-learn.org},
	howpublished = {\url{https://scikit-learn.org/stable/modules/generated/sklearn.decomposition.LatentDirichletAllocation.html}},
	year = {},
	note = {[Accessed 23-09-2024]},
}

@misc{scikitlearnCountVectorizer,
	author = {},
	title = {{C}ount{V}ectorizer --- scikit-learn.org},
	howpublished = {\url{https://scikit-learn.org/stable/modules/generated/sklearn.feature_extraction.text.CountVectorizer.html}},
	year = {},
	note = {[Accessed 23-09-2024]},
}

@inproceedings{tong-topic-modelling,
  title={A text mining research based on LDA topic modelling},
  author={Tong, Zhou and Zhang, Haiyi},
  booktitle={International conference on computer science, engineering and information technology},
  pages={201--210},
  year={2016}
}

@unpublished{gpt-usage-and-lim,
  TITLE = {{ChatGPT Usage and Limitations}},
  AUTHOR = {Azaria, Amos},
  URL = {https://hal.science/hal-03913837},
  NOTE = {working paper or preprint},
  YEAR = {2022},
  MONTH = Dec,
  PDF = {https://hal.science/hal-03913837/file/ChatGPT.pdf},
  HAL_ID = {hal-03913837},
  HAL_VERSION = {v1},
}


@article{Dale_2021, 
    title={GPT-3: What’s it good for?}, 
    volume={27}, 
    DOI={10.1017/S1351324920000601}, 
    number={1}, 
    journal={Natural Language Engineering}, 
    author={Dale, Robert}, 
    year={2021}, 
    pages={113–118}
}

@article{Floridi2020-gpt3paper,
  title = {GPT-3: Its Nature,  Scope,  Limits,  and Consequences},
  volume = {30},
  ISSN = {1572-8641},
  url = {http://dx.doi.org/10.1007/s11023-020-09548-1},
  DOI = {10.1007/s11023-020-09548-1},
  number = {4},
  journal = {Minds and Machines},
  publisher = {Springer Science and Business Media LLC},
  author = {Floridi,  Luciano and Chiriatti,  Massimo},
  year = {2020},
  month = nov,
  pages = {681–694}
}

@inproceedings{gpt-software-architecture,
author = {Ahmad, Aakash and Waseem, Muhammad and Liang, Peng and Fahmideh, Mahdi and Aktar, Mst Shamima and Mikkonen, Tommi},
title = {Towards Human-Bot Collaborative Software Architecting with ChatGPT},
year = {2023},
isbn = {9798400700446},
publisher = {Association for Computing Machinery},
address = {New York, NY, USA},
url = {https://doi.org/10.1145/3593434.3593468},
doi = {10.1145/3593434.3593468},
booktitle = {Proceedings of the 27th International Conference on Evaluation and Assessment in Software Engineering},
pages = {279–285},
numpages = {7},
keywords = {ChatGPT, DevBots, Large Language Models, Software Architecture},
location = {Oulu, Finland},
series = {EASE '23}
}

@misc{zhang2023critical,
      title={A Critical Review of Large Language Model on Software Engineering: An Example from ChatGPT and Automated Program Repair}, 
      author={Quanjun Zhang and Tongke Zhang and Juan Zhai and Chunrong Fang and Bowen Yu and Weisong Sun and Zhenyu Chen},
      year={2023},
      eprint={2310.08879},
      archivePrefix={arXiv},
      primaryClass={cs.SE}
}

@inproceedings{gpt-code-correctness,
 author = {Liu, Jiawei and Xia, Chunqiu Steven and Wang, Yuyao and ZHANG, LINGMING},
 booktitle = {Advances in Neural Information Processing Systems},
 editor = {A. Oh and T. Neumann and A. Globerson and K. Saenko and M. Hardt and S. Levine},
 pages = {21558--21572},
 publisher = {Curran Associates, Inc.},
 title = {Is Your Code Generated by ChatGPT Really Correct? Rigorous Evaluation of Large Language Models for Code Generation},
 url = {https://proceedings.neurips.cc/paper_files/paper/2023/file/43e9d647ccd3e4b7b5baab53f0368686-Paper-Conference.pdf},
 volume = {36},
 year = {2023}
}


@misc{gpt-issue-tracking,
      title={Investigating the Utility of ChatGPT in the Issue Tracking System: An Exploratory Study}, 
      author={Joy Krishan Das and Saikat Mondal and Chanchal K. Roy},
      year={2024},
      eprint={2402.03735},
      archivePrefix={arXiv},
      primaryClass={cs.SE}
}


@article{n-grams,
  title={N-grams in Texts Categorization},
  author={Elberrichi, Zakaria and Aljohar, Badr},
  journal={Scientific Journal of King Faisal University (Basic and Applied Sciences)},
  volume={8},
  number={2},
  pages={25--39},
  year={2007}
}

@article{seq2pat,
author = {Kadıoğlu, Serdar and Wang, Xin and Hosseininasab, Amin and van Hoeve, Willem-Jan},
title = {Seq2Pat: Sequence-to-pattern generation to bridge pattern mining with machine learning},
journal = {AI Magazine},
volume = {44},
number = {1},
pages = {54-66},
doi = {https://doi.org/10.1002/aaai.12081},
url = {https://onlinelibrary.wiley.com/doi/abs/10.1002/aaai.12081},
eprint = {https://onlinelibrary.wiley.com/doi/pdf/10.1002/aaai.12081},
year = {2023}
}

@article{seq2pat2022, 
title={Seq2Pat: Sequence-to-Pattern Generation for Constraint-Based Sequential Pattern Mining}, 
volume={36}, 
url={https://ojs.aaai.org/index.php/AAAI/article/view/21542},
DOI={10.1609/aaai.v36i11.21542}, 
number={11}, 
journal={Proceedings of the AAAI Conference on Artificial Intelligence}, 
author={Wang, Xin and Hosseininasab, Amin and Colunga, Pablo and Kadıoğlu, Serdar and van Hoeve, Willem-Jan}, 
year={2022}, 
month={Jun.}, 
pages={12665-12671} 
}


@incollection{bou2018medical,
  title={Medical data mining for heart diseases and the future of sequential mining in medical field},
  author={Bou Rjeily, Carine and Badr, Georges and Hajjarm El Hassani, Amir and Andres, Emmanuel},
  booktitle={Machine learning paradigms: Advances in data analytics},
  pages={71--99},
  year={2018},
  publisher={Springer}
}

@inproceedings{agrawal1995mining,
  title={Mining sequential patterns},
  author={Agrawal, Rakesh and Srikant, Ramakrishnan},
  booktitle={Proceedings of the eleventh international conference on data engineering},
  pages={3--14},
  year={1995},
  organization={IEEE}
}

@article{requena2020shopper,
  title={Shopper intent prediction from clickstream e-commerce data with minimal browsing information},
  author={Requena, Borja and Cassani, Giovanni and Tagliabue, Jacopo and Greco, Ciro and Lacasa, Lucas},
  journal={Scientific reports},
  volume={10},
  number={1},
  pages={16983},
  year={2020},
  publisher={Nature Publishing Group UK London}
}

@inproceedings{vaswani2017attention,
 author = {Vaswani, Ashish and Shazeer, Noam and Parmar, Niki and Uszkoreit, Jakob and Jones, Llion and Gomez, Aidan N and Kaiser, \L ukasz and Polosukhin, Illia},
 booktitle = {Advances in Neural Information Processing Systems},
 editor = {I. Guyon and U. Von Luxburg and S. Bengio and H. Wallach and R. Fergus and S. Vishwanathan and R. Garnett},
 pages = {},
 publisher = {Curran Associates, Inc.},
 title = {Attention is All you Need},
 url = {https://proceedings.neurips.cc/paper_files/paper/2017/file/3f5ee243547dee91fbd053c1c4a845aa-Paper.pdf},
 volume = {30},
 year = {2017}
}


@Article{fi15060192,
AUTHOR = {Roumeliotis, Konstantinos I. and Tselikas, Nikolaos D.},
TITLE = {ChatGPT and Open-AI Models: A Preliminary Review},
JOURNAL = {Future Internet},
VOLUME = {15},
YEAR = {2023},
NUMBER = {6},
ARTICLE-NUMBER = {192},
URL = {https://www.mdpi.com/1999-5903/15/6/192},
ISSN = {1999-5903},
DOI = {10.3390/fi15060192}
}

@phdthesis{Hörnemalm_2023, 
    title={ChatGPT as a Software Development Tool: The Future of Development}, 
    url={https://urn.kb.se/resolve?urn=urn:nbn:se:umu:diva-209909}, 
    author={Hörnemalm, Adam}, 
    year={2023} 
}

@article{siddiq2023generate,
  title={Generate and pray: Using sallms to evaluate the security of llm generated code},
  author={Siddiq, Mohammed Latif and Santos, Joanna CS},
  journal={arXiv preprint arXiv:2311.00889},
  year={2023}
}

@inproceedings{gpt-code-security-quality,
author = {Rabbi, Md Fazle and Champa, Arifa Islam and Zibran, Minhaz F. and Islam, Md Rakibul},
title = {AI Writes, We Analyze: The ChatGPT Python Code Saga},
year = {2024},
isbn = {9798400705878},
publisher = {Association for Computing Machinery},
address = {New York, NY, USA},
url = {https://doi.org/10.1145/3643991.3645076},
doi = {10.1145/3643991.3645076},
booktitle = {Proceedings of the 21st International Conference on Mining Software Repositories},
pages = {177–181},
numpages = {5},
keywords = {code quality, code security, ChatGPT, Python, CWE, analysis},
location = {Lisbon, Portugal},
series = {MSR '24}
}
@inproceedings{zhang2024-code-smell,
author = {Zhang, Yue and Meredith, Rachel and Reeves, Wilson and Coriolano, J\'{u}lia and Babar, Muhammad Ali and Rahman, Akond},
title = {Does Generative AI Generate Smells Related to Container Orchestration?: An Exploratory Study with Kubernetes Manifests},
year = {2024},
isbn = {9798400705878},
publisher = {Association for Computing Machinery},
address = {New York, NY, USA},
url = {https://doi.org/10.1145/3643991.3645079},
doi = {10.1145/3643991.3645079},
booktitle = {Proceedings of the 21st International Conference on Mining Software Repositories},
pages = {192–196},
numpages = {5},
keywords = {container orchestration, empirical study, kubernetes, quality, smell},
location = {Lisbon, Portugal},
series = {MSR '24}
}

@INPROCEEDINGS{clark2024-quantitative-quality-analysis,
  author={Clark, Autumn and Igbokwe, Daniel and Ross, Samantha and Zibran, Minhaz F.},
  booktitle={2024 7th International Conference on Software and System Engineering (ICoSSE)}, 
  title={A Quantitative Analysis of Quality and Consistency in AI-generated Code}, 
  year={2024},
  volume={},
  number={},
  pages={37-41},
  keywords={Measurement;Codes;Statistical analysis;Source coding;Computer bugs;Chatbots;Complexity theory;ChatGPT;Generative AI;Code;Quality;Complexity;Consistency;Python;Program;Analysis},
  doi={10.1109/ICoSSE62619.2024.00014}}

@inproceedings{Moratis2024-code-quality,
author = {Moratis, Konstantinos and Diamantopoulos, Themistoklis and Nastos, Dimitrios-Nikitas and Symeonidis, Andreas},
title = {Write me this Code: An Analysis of ChatGPT Quality for Producing Source Code},
year = {2024},
isbn = {9798400705878},
publisher = {Association for Computing Machinery},
address = {New York, NY, USA},
url = {https://doi.org/10.1145/3643991.3645070},
doi = {10.1145/3643991.3645070},
booktitle = {Proceedings of the 21st International Conference on Mining Software Repositories},
pages = {147–151},
numpages = {5},
keywords = {code generation, code quality, ChatGPT, large language models},
location = {Lisbon, Portugal},
series = {MSR '24}
}


@inproceedings{Siddiq2024-code-quality,
author = {Siddiq, Mohammed Latif and Roney, Lindsay and Zhang, Jiahao and Santos, Joanna Cecilia Da Silva},
title = {Quality Assessment of ChatGPT Generated Code and their Use by Developers},
year = {2024},
isbn = {9798400705878},
publisher = {Association for Computing Machinery},
address = {New York, NY, USA},
url = {https://doi.org/10.1145/3643991.3645071},
doi = {10.1145/3643991.3645071},
booktitle = {Proceedings of the 21st International Conference on Mining Software Repositories},
pages = {152–156},
numpages = {5},
keywords = {datasets, ChatGPT, security, quality, pull-request, open-coding},
location = {Lisbon, Portugal},
series = {MSR '24}
}

@inproceedings{sagdic2024-devgpt-taxonomy,
author = {Sagdic, Ertugrul and Bayram, Arda and Islam, Md Rakibul},
title = {On the Taxonomy of Developers' Discussion Topics with ChatGPT},
year = {2024},
isbn = {9798400705878},
publisher = {Association for Computing Machinery},
address = {New York, NY, USA},
url = {https://doi.org/10.1145/3643991.3645080},
doi = {10.1145/3643991.3645080},
booktitle = {Proceedings of the 21st International Conference on Mining Software Repositories},
pages = {197–201},
numpages = {5},
keywords = {DevGPT, ChatGPT, software engineering, topic taxonomy},
location = {Lisbon, Portugal},
series = {MSR '24}
}

@misc{grootendorst2022bertopicneuraltopicmodeling,
      title={BERTopic: Neural topic modeling with a class-based TF-IDF procedure}, 
      author={Maarten Grootendorst},
      year={2022},
      eprint={2203.05794},
      archivePrefix={arXiv},
      primaryClass={cs.CL},
      url={https://arxiv.org/abs/2203.05794}, 
}

@inproceedings{champa2024-gpt-use,
author = {Champa, Arifa Islam and Rabbi, Md Fazle and Nachuma, Costain and Zibran, Minhaz F.},
title = {ChatGPT in Action: Analyzing Its Use in Software Development},
year = {2024},
isbn = {9798400705878},
publisher = {Association for Computing Machinery},
address = {New York, NY, USA},
url = {https://doi.org/10.1145/3643991.3645077},
doi = {10.1145/3643991.3645077},
booktitle = {Proceedings of the 21st International Conference on Mining Software Repositories},
pages = {182–186},
numpages = {5},
keywords = {ChatGPT conversation, software development tasks, task efficiency, prompt quality},
location = {Lisbon, Portugal},
series = {MSR '24}
}

@inproceedings{Mohamed2024-topics,
author = {Mohamed, Suad and Parvin, Abdullah and Parra, Esteban},
title = {Chatting with AI: Deciphering Developer Conversations with ChatGPT},
year = {2024},
isbn = {9798400705878},
publisher = {Association for Computing Machinery},
address = {New York, NY, USA},
url = {https://doi.org/10.1145/3643991.3645078},
doi = {10.1145/3643991.3645078},
booktitle = {Proceedings of the 21st International Conference on Mining Software Repositories},
pages = {187–191},
numpages = {5},
keywords = {large language models, LLM, ChatGPT, software development, empirical study, developer conversations},
location = {Lisbon, Portugal},
series = {MSR '24}
}

@misc{lewis2019bartdenoisingsequencetosequencepretraining,
      title={BART: Denoising Sequence-to-Sequence Pre-training for Natural Language Generation, Translation, and Comprehension}, 
      author={Mike Lewis and Yinhan Liu and Naman Goyal and Marjan Ghazvininejad and Abdelrahman Mohamed and Omer Levy and Ves Stoyanov and Luke Zettlemoyer},
      year={2019},
      eprint={1910.13461},
      archivePrefix={arXiv},
      primaryClass={cs.CL},
      url={https://arxiv.org/abs/1910.13461}, 
}

@inproceedings{aguiar-multilang-chatgpt,
    author = {Aguiar, Lucas and Paixao, Matheus and Carmo, Rafael and Soares, Edson and Leal, Antonio and Freitas, Matheus and Gama, Eliakim},
    title = {Multi-language Software Development in the LLM Era: Insights from Practitioners’ Conversations with ChatGPT},
    year = {2024},
    isbn = {9798400710476},
    publisher = {Association for Computing Machinery},
    address = {New York, NY, USA},
    url = {https://doi.org/10.1145/3674805.3690755},
    doi = {10.1145/3674805.3690755},
    booktitle = {Proceedings of the 18th ACM/IEEE International Symposium on Empirical Software Engineering and Measurement},
    pages = {489–495},
    numpages = {7},
    keywords = {ChatGPT, Empirical Studies, Multi-language Software Development},
    location = {Barcelona, Spain},
    series = {ESEM '24}
}

@inproceedings{watanabe-code-review-chatgpt,
    author = {Watanabe, Miku and Kashiwa, Yutaro and Lin, Bin and Hirao, Toshiki and Yamaguchi, Ken'Ichi and Iida, Hajimu},
    title = {On the Use of ChatGPT for Code Review: Do Developers Like Reviews By ChatGPT?},
    year = {2024},
    isbn = {9798400717017},
    publisher = {Association for Computing Machinery},
    address = {New York, NY, USA},
    url = {https://doi.org/10.1145/3661167.3661183},
    doi = {10.1145/3661167.3661183},
    pages = {375–380},
    numpages = {6},
    keywords = {ChatGPT, Code Review, Empirical Study},
    location = {Salerno, Italy},
    series = {EASE '24}
}

@article{Hao2024-pr-empirical,
    author={Hao, Huizi
        and Hasan, Kazi Amit
        and Qin, Hong
        and Macedo, Marcos
        and Tian, Yuan
        and Ding, Steven H. H.
        and Hassan, Ahmed E.},
    title={An empirical study on developers' shared conversations with ChatGPT in GitHub pull requests and issues},
    journal={Empirical Software Engineering},
    year={2024},
    month={Sep},
    day={16},
    volume={29},
    number={6},
    pages={150},
    issn={1573-7616},
    doi={10.1007/s10664-024-10540-x},
    url={https://doi.org/10.1007/s10664-024-10540-x}
}

@inproceedings{chouchen2024-pr-how,
author = {Chouchen, Moataz and Bessghaier, Narjes and Begoug, Mahi and Ouni, Ali and Alomar, Eman and Mkaouer, Mohamed Wiem},
title = {How Do Software Developers Use ChatGPT? An Exploratory Study on GitHub Pull Requests},
year = {2024},
isbn = {9798400705878},
publisher = {Association for Computing Machinery},
address = {New York, NY, USA},
url = {https://doi.org/10.1145/3643991.3645084},
doi = {10.1145/3643991.3645084},
booktitle = {Proceedings of the 21st International Conference on Mining Software Repositories},
pages = {212–216},
numpages = {5},
keywords = {large language models, ChatGPT, manual analysis, mining software repositories, pull requests},
location = {Lisbon, Portugal},
series = {MSR '24}
}

@inproceedings{Hao2024-pr-exporatory,
author = {Hao, Huizi and Tian, Yuan},
title = {Engaging with AI: An Exploratory Study on Developers' Sharing and Reactions to ChatGPT in GitHub Pull Requests},
year = {2024},
isbn = {9798400712494},
publisher = {Association for Computing Machinery},
address = {New York, NY, USA},
url = {https://doi.org/10.1145/3691621.3694946},
doi = {10.1145/3691621.3694946},
booktitle = {Proceedings of the 39th IEEE/ACM International Conference on Automated Software Engineering Workshops},
pages = {156–160},
numpages = {5},
keywords = {knowledge sharing, conversations with chatgpt, chatgpt in collaborative coding, foundation model, pull requests},
location = {Sacramento, CA, USA},
series = {ASEW '24}
}

@inproceedings{Grewal2024-codegen,
author = {Grewal, Balreet and Lu, Wentao and Nadi, Sarah and Bezemer, Cor-Paul},
title = {Analyzing Developer Use of ChatGPT Generated Code in Open Source GitHub Projects},
year = {2024},
isbn = {9798400705878},
publisher = {Association for Computing Machinery},
address = {New York, NY, USA},
url = {https://doi.org/10.1145/3643991.3645072},
doi = {10.1145/3643991.3645072},
booktitle = {Proceedings of the 21st International Conference on Mining Software Repositories},
pages = {157–161},
numpages = {5},
location = {Lisbon, Portugal},
series = {MSR '24}
}

@inproceedings{Jin2024-codegen,
author = {Jin, Kailun and Wang, Chung-Yu and Pham, Hung Viet and Hemmati, Hadi},
title = {Can ChatGPT Support Developers? An Empirical Evaluation of Large Language Models for Code Generation},
year = {2024},
isbn = {9798400705878},
publisher = {Association for Computing Machinery},
address = {New York, NY, USA},
url = {https://doi.org/10.1145/3643991.3645074},
doi = {10.1145/3643991.3645074},
booktitle = {Proceedings of the 21st International Conference on Mining Software Repositories},
pages = {167–171},
numpages = {5},
location = {Lisbon, Portugal},
series = {MSR '24}
}

@inproceedings{Chavan2024-refactoring,
author = {Chavan, Omkar Sandip and Hinge, Divya Dilip and Deo, Soham Sanjay and Wang, Yaxuan (Olivia) and Mkaouer, Mohamed Wiem},
title = {Analyzing Developer-ChatGPT Conversations for Software Refactoring: An Exploratory Study},
year = {2024},
isbn = {9798400705878},
publisher = {Association for Computing Machinery},
address = {New York, NY, USA},
url = {https://doi.org/10.1145/3643991.3645082},
doi = {10.1145/3643991.3645082},
booktitle = {Proceedings of the 21st International Conference on Mining Software Repositories},
pages = {207–211},
numpages = {5},
keywords = {refactoring documentation, ChatGPT, mining software repositories},
location = {Lisbon, Portugal},
series = {MSR '24}
}

@inproceedings{AlOmar2024-refactoring,
author = {AlOmar, Eman Abdullah and Venkatakrishnan, Anushkrishna and Mkaouer, Mohamed Wiem and Newman, Christian and Ouni, Ali},
title = {How to refactor this code? An exploratory study on developer-ChatGPT refactoring conversations},
year = {2024},
isbn = {9798400705878},
publisher = {Association for Computing Machinery},
address = {New York, NY, USA},
url = {https://doi.org/10.1145/3643991.3645081},
doi = {10.1145/3643991.3645081},
booktitle = {Proceedings of the 21st International Conference on Mining Software Repositories},
pages = {202–206},
numpages = {5},
keywords = {refactoring documentation, ChatGPT, mining software repositories},
location = {Lisbon, Portugal},
series = {MSR '24}
}

@inproceedings{Mondal2024-prompts-issues,
author = {Mondal, Saikat and Bappon, Suborno Deb and Roy, Chanchal K.},
title = {Enhancing User Interaction in ChatGPT: Characterizing and Consolidating Multiple Prompts for Issue Resolution},
year = {2024},
isbn = {9798400705878},
publisher = {Association for Computing Machinery},
address = {New York, NY, USA},
url = {https://doi.org/10.1145/3643991.3645085},
doi = {10.1145/3643991.3645085},
booktitle = {Proceedings of the 21st International Conference on Mining Software Repositories},
pages = {222–226},
numpages = {5},
keywords = {prompt design, ChatGPT, prompt consolidation, qualitative analysis},
location = {Lisbon, Portugal},
series = {MSR '24}
}

@inproceedings{Wu2024-promptpatterns,
author = {Wu, Liangxuan and Zhao, Yanjie and Hou, Xinyi and Liu, Tianming and Wang, Haoyu},
title = {ChatGPT Chats Decoded: Uncovering Prompt Patterns for Superior Solutions in Software Development Lifecycle},
year = {2024},
isbn = {9798400705878},
publisher = {Association for Computing Machinery},
address = {New York, NY, USA},
url = {https://doi.org/10.1145/3643991.3645069},
doi = {10.1145/3643991.3645069},
booktitle = {Proceedings of the 21st International Conference on Mining Software Repositories},
pages = {142–146},
numpages = {5},
keywords = {data mining, large language model, LLM, ChatGPT},
location = {Lisbon, Portugal},
series = {MSR '24}
}